
@article {DevilleSarndal1992,
AUTHOR = {Deville, Jean-Claude and S\"{a}rndal, Carl-Erik},
TITLE = {Calibration Estimators in Survey Sampling},
JOURNAL = {Journal of the American Statistical Association},
FJOURNAL = {Journal of the American Statistical Association},
VOLUME = {87},
NUMBER = {418},
YEAR = {1992},
PAGES = {376--382},
}

@article {KrewskiRao1981,
AUTHOR = {Krewski, D. and Rao, J.N.K.},
TITLE = {Inference from stratified samples: Properties of the linearization, jackknife, and balanced repeated replication methods},
JOURNAL = {Annals of Statistics},
FJOURNAL = {Annals of Statistics},
VOLUME = {9},
NUMBER = {},
YEAR = {1981},
PAGES = {1010--1019},
}

@article {Hajek1960,
AUTHOR = {H\'{a}jek, J.},
TITLE = {Limiting distributions in simple random sampling from a finite population},
JOURNAL = {Publication of the Mathematical Institute of the Hungarian Academy of Sciences},
FJOURNAL = {Publication of the Mathematical Institute of the Hungarian Academy of Sciences},
VOLUME = {5},
NUMBER = {},
YEAR = {1960},
PAGES = {361--374},
}

@book {Sarndal1992,
    AUTHOR = {S\"arndal, Carl-Erik and Swensson, Bengt and Wretman, Jan},
     TITLE = {Model Assisted Survey Sampling},
     SERIES = {Springer Series in Statistics},
    VOLUME = {},
   EDITION = {Third},
 PUBLISHER = {Springer},
   ADDRESS = {},
      YEAR = {1992},
     PAGES = {xvi+694},
      ISBN = {},
   MRCLASS = {},
  MRNUMBER = {},
MRREVIEWER = {},
}

@book {Cochran1977,
    AUTHOR = {Cochran, William G.},
     TITLE = {Sampling Techniques},
     SERIES = {Wiley Series in Probability and Mathematical Statistics},
    VOLUME = {},
   EDITION = {Third},
 PUBLISHER = {John-Wiley \& Sons},
   ADDRESS = {},
      YEAR = {1977},
     PAGES = {xvi+428},
      ISBN = {},
   MRCLASS = {},
  MRNUMBER = {},
MRREVIEWER = {},
}

@book {Valliant2000,
    AUTHOR = {Valliant, Richard and Dorfman, Alan H. and Royall, Richard M.},
     TITLE = {Finite Population Sampling and Inference},
     SERIES = {},
    VOLUME = {},
   EDITION = {First},
 PUBLISHER = {John-Wiley \& Sons},
   ADDRESS = {},
      YEAR = {2000},
     PAGES = {xviii+504},
      ISBN = {},
   MRCLASS = {},
  MRNUMBER = {},
MRREVIEWER = {},
}

@book {Lohr1999,
    AUTHOR = {Lohr, Sharon L.},
     TITLE = {Sampling: Design and Analysis},
     SERIES = {},
    VOLUME = {},
   EDITION = {First},
 PUBLISHER = {Duxbury Press},
   ADDRESS = {},
      YEAR = {1999},
     PAGES = {xvi+494},
      ISBN = {},
   MRCLASS = {},
  MRNUMBER = {},
MRREVIEWER = {},
}

@book {Wasserman2004,
    AUTHOR = {Wasserman, Larry A.},
     TITLE = {All of Statistics: A Concise Course in Statistical Inference},
    SERIES = {Spinger Texts in Statistics},
    VOLUME = {},
   EDITION = {First},
 PUBLISHER = {Springer-Verlag},
   ADDRESS = {New York},
      YEAR = {2004},
     PAGES = {xx+442},
      ISBN = {},
   MRCLASS = {},
  MRNUMBER = {},
MRREVIEWER = {},
}

@book {LarsenMarx,
    AUTHOR = {Larsen, Richard J. and Marx, Morris L.},
     TITLE = {An Introductio to Mathematical Statistics and its Applications},
      NOTE = {},
      EDITION = {Fourth},
 PUBLISHER = {Pearson/Prentice Hall},
   ADDRESS = {Upper Saddle River, New Jersey},
      YEAR = {2006},
     PAGES = {viii+920},
  MRREVIEWER = {},
}

@book {EwensGrant,
    AUTHOR = {Ewens, Warren J. and Grant, Gregory R.},
     TITLE = {Statistical Methods in Bioinformatics},
      SERIES = {Statistics for Biology and Health},
      VOLUME = {},
      EDITION = {Second},
 PUBLISHER = {Springer},
   ADDRESS = {New York},
      YEAR = {2005},
     PAGES = {xx+597},
  MRREVIEWER = {},
}

@book {JacodProtter,
    AUTHOR = {Jacod, Jean and Protter, Philip},
     TITLE = {Probability Essentials},
      NOTE = {Universitext},
 PUBLISHER = {Springer-Verlag},
   ADDRESS = {New York},
      YEAR = {2004},
     PAGES = {x+254},
  MRREVIEWER = {},
}

@article {MetaAnalysisClinicalTrials,
AUTHOR = {DerSimonian, R. and Laird, N.},
TITLE = {Meta-analysis in clinical trials},
JOURNAL = {Control. Clin. Trials},
FJOURNAL = {Controlled Clinical Trials},
VOLUME = {7},
NUMBER = {3},
YEAR = {1986},
PAGES = {177--188},
}

@article {FDR,
AUTHOR = {Benjamini, Y. and Hochberg, U.},
TITLE = {Controlling the false discovery rate: a practical and powerful approach to multiple testing},
JOURNAL = {J. Royal Stat. Soc},
FJOURNAL = {Journal of Royal Statistical Society},
VOLUME = {59},
NUMBER = {B},
YEAR = {1995},
PAGES = {289--300},
}

@article {GenotypesToGenes,
AUTHOR = {Sasieni, Peter D.},
TITLE = {From Genotypes to Genes: Doubling the Sample Size},
JOURNAL = {Biometrics},
FJOURNAL = {Biometrics},
VOLUME = {53},
NUMBER = {4},
YEAR = {1997},
PAGES = {1253--1261},
}

@article {MetaAnalysis,
AUTHOR = {Normand, S-L. T.},
TITLE = {Meta-analysis: formulating, evaluating, combining, and reporting},
JOURNAL = {Stat Med.},
FJOURNAL = {Statistics in Medicine},
VOLUME = {18},
NUMBER = {3},
YEAR = {1999},
PAGES = {321--359},
}

@article {Tutorial:MetaAnalysis,
AUTHOR = {Carlin, John B.},
TITLE = {Meta-analysis: formulating, evaluating, combining, and reporting by $\textnormal{S-L. T. Normand}$, Statistics in Medicine, 18, 321-359 (1999)},
JOURNAL = {Stat Med.},
FJOURNAL = {Statistics in Medicine},
VOLUME = {19},
NUMBER = {5},
YEAR = {2000},
PAGES = {753--759},
}
