
@misc {CRANxgboost,
    AUTHOR = {Chen, Tianqi and He ,Tong and Benesty, Michael and Khotilovich, Vadim and Tang, Yuan},
     TITLE = {xgboost: Extreme Gradient Boosting (R package)},
    SERIES = {},
    VOLUME = {},
   EDITION = {},
 PUBLISHER = {Statistics Canada},
   ADDRESS = {},
      YEAR = {2018},
     MONTH = {},
      DATE = {2},
     PAGES = {},
      ISBN = {},
   MRCLASS = {},
  MRNUMBER = {},
MRREVIEWER = {},
      NOTE = {
      	{\color{blue}\underline{\texttt{https://cran.r-project.org/web/packages/xgboost}}}.
		}
}

@misc {Hatko20180302,
    AUTHOR = {Hatko, Stan},
     TITLE = {Retailer Scanner Data},
     SERIES = {},
    VOLUME = {},
   EDITION = {},
 PUBLISHER = {Statistics Canada},
   ADDRESS = {},
      YEAR = {2018},
     MONTH = {},
      DATE = {2},
     PAGES = {},
      ISBN = {},
   MRCLASS = {},
  MRNUMBER = {},
MRREVIEWER = {},
      NOTE = {Presentation on March 2, 2018 to the Methodology Machine Learning and Data Science learning groups, slides downloadable from:\quad
    	{\color{blue}\underline{\texttt{https://confluence.statcan.ca/display/MLR/Presentations}}}
		}
}

@article {Chen2016,
  AUTHOR = {Chen, Tianqi and Guestrin, Carlos},
   TITLE = {XGBoost: A Scalable Tree Boosting System},
 JOURNAL = {22nd ACM SIGKDD Conference on Knowledge Discovery and Data Mining},
FJOURNAL = {},
  VOLUME = {},
  NUMBER = {},
    YEAR = {2016},
   PAGES = {1--10},
    NOTE = {
    	{\color{blue}\underline{\texttt{http://www.kdd.org/kdd2016/papers/files/rfp0697-chenAemb.pdf}}}
    }
}

@article {deVito2017,
  AUTHOR = {de Vito, Laurent},
   TITLE = {Calibration Estimators in Survey Sampling},
 JOURNAL = {arXiv},
FJOURNAL = {arXiv},
  VOLUME = {},
  NUMBER = {},
    YEAR = {2017},
   PAGES = {1--12},
    NOTE = {
    	{\color{blue}\underline{\texttt{https://arxiv.org/abs/1710.03634}}}
    }
}

@book {MontgomeryPeck,
    AUTHOR = {Montgomery, Douglas and Peck, Elizabeth},
     TITLE = {Introduction to Linear Regression Analysis},
     SERIES = {},
    VOLUME = {},
   EDITION = {},
 PUBLISHER = {John Wiley \& Sons},
   ADDRESS = {},
      YEAR = {1982},
     PAGES = {xvi+504},
      ISBN = {},
   MRCLASS = {},
  MRNUMBER = {},
MRREVIEWER = {}
}

@book {Billingsley1995,
    AUTHOR = {Billingsley, Patrick},
     TITLE = {Probability and Measure},
     SERIES = {},
    VOLUME = {},
   EDITION = {Third},
 PUBLISHER = {John Wiley \& Sons},
   ADDRESS = {},
      YEAR = {1995},
     PAGES = {xiii+593},
      ISBN = {},
   MRCLASS = {},
  MRNUMBER = {},
MRREVIEWER = {}
}

@book {Shao2003,
    AUTHOR = {Shao, Jun},
     TITLE = {Mathematical Statistics},
     SERIES = {},
    VOLUME = {},
   EDITION = {Second},
 PUBLISHER = {Springer},
   ADDRESS = {},
      YEAR = {2003},
     PAGES = {xvi+591},
      ISBN = {},
   MRCLASS = {},
  MRNUMBER = {},
MRREVIEWER = {}
}
